% This file was created with JabRef 2.9b2.
% Encoding: ISO8859_1

@inproceedings{baarslag2016survey,
  title={A Survey of Opponent Modeling Techniques in Automated Negotiation},
  author={Baarslag, Tim and Hendrikx, Mark JC and Hindriks, Koen V and Jonker, Catholijn M},
  booktitle={Proceedings of the 2016 International Conference on Autonomous Agents \& Multiagent Systems},
  pages={575--576},
  year={2016},
  organization={International Foundation for Autonomous Agents and Multiagent Systems}
}

@book{fletcher2002blackwell,
  title={Blackwell handbook of social psychology: Interpersonal processes},
  author={Fletcher, Garth JO and Clark, Margaret S},
  year={2002},
  publisher={John Wiley \& Sons}
}

@inproceedings{Assignment1,
  title={Planetary Sciences 1 – Assignment: Radiations - Observing Planets – Planetoids – Meteorites},
  author={S. Cazaux, S. Potin, S. de Vet},
  year={2023},
  organization={Delft Technological University}
}

@inproceedings{baarslag2014proefschrift,
  title={What to Bid and when to Stop},
  author={Baarslag, Tim and Hindriks, Koen V and Jonker, Catholijn M},
  year={2014},
  organization={Delft University of Technology}
}

@article{Magnetic,
  title={Induced magnetic fields as evidence for subsurface oceans in Europa and Callisto},
  author={K. K. Khurana, M. G. Kivelson, D. J. Stevenson, G. Schubert, C. T. Russell, R. J. Walker & C. Polanskey},
  journal={Nature},
  volume = {395},
  pages={777-780},
  year={1998},
  publisher={Macmillan Publishers}
}

@online{Web1,
  author = {Wikipedia LLC},
  title = {Pendulum},
  year = 2002,
  url = {https://en.wikipedia.org/wiki/Pendulum},
  urldate = {2017-09-30}
}


@article{waterfall,
  title={A Comparison Between Three SDLC Models Waterfall Model, Spiral Model, and Incremental/Iterative Model},
  author={Adel Alshamrani and Abdullah Bahattab},
  journal={IJCSI International Journal of Computer Science Issues, Volume 12},
  pages={106-110},
  year={2015}
}
@article{v-model,
  title={System of Systems Engineering and Family of Systems Engineering From a Standards, V-Model, and Dual-V Model Perspective},
  author={John O. Clark},
  journal={3rd Annual IEEE International Systems Conference},
  year={2009}
}

@article{HEGGY2001244,
title = {On Water Detection in the Martian Subsurface Using Sounding Radar},
journal = {Icarus},
volume = {154},
number = {2},
pages = {244-257},
year = {2001},
issn = {0019-1035},
doi = {https://doi.org/10.1006/icar.2001.6717},
url = {https://www.sciencedirect.com/science/article/pii/S001910350196717X},
author = {E. Heggy and P. Paillou and G. Ruffie and J.M. Malezieux and F. Costard and G. Grandjean}}

@article{Plumes,
    author = {Steven W. Squyres, Ray T. Reynolds, Patrick M. Cassen, Stanton J. Peale},
    title = {The evolution of Enceladus} ,
    journal = {Icarus} ,
volume = {53},
number = {2},
pages = {319-331},
    year = {1983},
doi = {https://doi.org/10.1016/0019-1035(83)90152-5.},
url = {https://www-sciencedirect-com.tudelft.idm.oclc.org/science/article/pii/0019103583901525}
}


System of Systems Engineering and
Family of Systems Engineering
From a Standards, V-Model, and Dual-V Model
Perspective 

A Comparison Between Three SDLC Models Waterfall
Model, Spiral Model, and Incremental/Iterative Model